<?xml version="1.0" encoding="UTF-8"?><collection xmlns="http://www.loc.gov/MARC21/slim"><record><leader>00696nam--2200205-i-4500</leader><controlfield tag="001">000000135</controlfield><controlfield tag="002">20161230</controlfield><controlfield tag="005">20161230201023</controlfield><controlfield tag="008">060222s1000------------r-----000-0-eng-d</controlfield><datafield ind1=" " ind2=" " tag="040"><subfield code="a">IFIN-HH</subfield></datafield><datafield ind1=" " ind2=" " tag="080"><subfield code="a">539.2(061.3)</subfield></datafield><datafield ind1="1" ind2=" " tag="100"><subfield code="a">Simmons, John A</subfield></datafield><datafield ind1="1" ind2="0" tag="245"><subfield code="a">Fundamental aspects of dislocation theory</subfield><subfield code="b">Conference proceedings national bureau of standards, april 21-25, 1969</subfield><subfield code="c">John a. simmons, r. bullough (eds.)</subfield></datafield><datafield ind1=" " ind2=" " tag="260"><subfield code="a">Washington, D.C</subfield><subfield code="b">U.S.Government Printing Office</subfield><subfield code="c">1970</subfield></datafield><datafield ind1=" " ind2=" " tag="300"><subfield code="a">IN TWO VOLUMES</subfield></datafield><datafield ind1=" " ind2=" " tag="490"><subfield code="a">Nbs Special Publication</subfield><subfield code="v">Vol. 317</subfield></datafield><datafield ind1="1" ind2=" " tag="700"><subfield code="a">Bullough, R</subfield><subfield code="e">Ed</subfield></datafield><datafield ind1="1" ind2=" " tag="787"><subfield code="a">Volume Ii</subfield><subfield code="d">Xi +/-729-1338/ P</subfield></datafield><datafield ind1=" " ind2=" " tag="852"><subfield code="a">39262</subfield><subfield code="c">539.2</subfield></datafield><datafield ind1=" " ind2=" " tag="CAT"><subfield code="a">Sys</subfield><subfield code="c">20121023</subfield><subfield code="h">155820</subfield></datafield></record></collection>